@manual{CUDA65,
        author = {{NVIDIA Corporation}},
        title = {{CUDA API} Reference Manual Version 6.5},
        year = 2014,
}

@InProceedings{energy14,
author = {Adri\'an Castell\'o and  Jos\'e Duato and Rafael Mayo and Antonio J. {Pe\~na} and Enrique S. Quintana-Ort\'i and Vicente Roca and Federico Silla},
title = {{On the Use of Remote GPUs and Low-Power Processors for the Acceleration of Scientific Applications}},
booktitle = {The Fourth International Conference on Smart Grids, Green  Communications and IT Energy-aware Technologies (ENERGY)},
OPTcrossref = {978-1-61208-332-2},
OPTkey = {},
pages = {57-62},
year = {2014},
OPTeditor = {•},
OPTvolume = {•},
OPTnumber = {•},
OPTseries = {•},
month = {April},
OPTorganization = {•},
OPTpublisher = {•},
OPTnote = {•},
OPTannote = {•}
}



@InProceedings{sbacpad14,
title  = {{SLURM} Support for Remote {GPU} Virtualization: Implementation and Performance Study},
author = {Sergio Iserte and Adri\'an Castell\'o and Rafael Mayo and Enrique S. Quintana-Ort\'i and Carlos {Rea\~no} and Javier Prades and Federico Silla and Jos\'e Duato},
year   = "2014",
month  = Oct,
booktitle = "Proceedings of the International Symposium on Computer Architecture and High Performance Computing (SBAC-PAD)",
address = "Paris, France"
}

@phdthesis{tonithesis,
  title={Virtualization of accelerators in high performance clusters},
  author={Pe{\~n}a, Antonio J},
  school={Universitat Jaume I},
  year={2013},
  month=jan,
  address={Castellon, Spain}
}

@article{toniparco,
title = "A complete and efficient {CUDA}-sharing solution for {HPC} clusters ",
journal = "Parallel Computing ",
volume = "40",
number = "10",
pages = "574 -- 588",
year = "2014",
note = "",
issn = "0167-8191",
doi = "http://dx.doi.org/10.1016/j.parco.2014.09.011",
url = "http://www.sciencedirect.com/science/article/pii/S0167819114001227",
author = "Antonio J. Pe{\~n}a and Carlos Rea{\~n}o and Federico Silla and Rafael Mayo and Enrique S. Quintana-Orti and Jose Duato",
keywords = "Graphics processors",
keywords = "Virtualization",
keywords = "High performance computing",
keywords = "Clusters "
}
@InProceedings{cluster15,
  title={Exploring the suitability of remote {GPGPU} virtualization for the {OpenACC} programming model using {rCUDA}},
  author={Adrián Castelló and Antonio J. Peña and Rafael Mayo and Pavan Balaji and Enrique S. Quintana-Ortí},
booktitle = "Proceedings of the IEEE International Conference on Cluster Computing (CLUSTER 2015)",
address = {Chicago, IL (USA)},  
year={2015},
month=Sep
}

@InProceedings{repara15,
  title={Exploiting Task-Parallelism on {GPU} Clusters via {OmpSs} and {rCUDA} Virtualization},
  author={Adrián Castelló and Rafael Mayo and Judit Planas and Enrique S. Quintana-Ort\'i},
booktitle = "Proceedings of the I IEEE International Workshop on Reengineering for Parallelism in Heterogeneous Parallel Platforms (RePara 2015)",
address = { Helsinki (Finland)},  
year={2015},
month=Aug
}
